@article{ferreira,
	author = {Paulo Ferreira},
	title = {Bibliografia e outros em LaTeX},
	journal = {Sess\~{a}o Hands-On do DEI},
	year = {2005}
}

@article{araujo2016,
	title = {O Pacote abntex2cite: Estilos Bibliogr\'{a}ficos compat\'{i}veis com a ABNT NBR 6023},
	author = {Lauro C\'{e}sar Araujo},
	year = {2016},
	journal = {abntex}
}

@article{gajanan,
	title = {A Report on Caos Theory},
	author = {Gajanan Shewale and Nayana Shinde and Adtya Sirode and Suntej Singh and Jayesh Solanki and   Madhuri Tajane and Gaurav Tripathi},
	year = {2012},
	month = {October},
	address = {Mumbai},
	journal ={S.E. Information Technology}
}

@misc{oliveira2015,
	title = {B\'{o}son de Higgs: divulgada foto mais n\'{i}tida da part\'{i}cula},
	author = {Andr\'{e} Jorge de Oliveira},
	year = {2015},
	journal = {Revista Galileu},
	howpublished = {\url{http://revistagalileu.globo.com/Ciencia/noticia/2015/09/boson-de-higgs-divulgada-foto-mais-nitida-da-particula.html}},
	note = {Acessado em: 17/06/2017}

}
@book{bearzoti2000,
  author    = {BEARZOTI, Eduardo},
  title     = {Introdução à inferência estatística},
  year      = {2000},
  subtitle  = {Eduardo Bearzoti, Júlio Sílvio de Souza Bueno Filho.},
  address   = {Lavras},
  publisher = {UFLA/AEPE}
}

@TechReport{bueno2008,
  author      = {BUENO. Fabrício.},
  title       = {Cadeias de Markov Práticas e aplicações},
  institution = {Centro Federal de Educação Tecnológica de Santa Catarina - CEFETSC},
  year        = {2008},
  address     = {Araranguá - SC},
  OPTkey      = {},
  type        = {2008. 37 p. tutorial},
  OPTaddress  = {},
  month       = {},
  OPTnote     = {},
  OPTannote   = {}
}

@TechReport{celestino2000,
  author      = {CELESTINO, Marcos Roberto.},
  title       = {Ensino-Aprendizagem da Álgebra Linear: as pesquisas brasileiras na década de 90},
  institution = {Pontifícia Universidade Católica de São Paulo - PUC-SP},
  year        = {2000},
  address     = {PUC-SP},
  OPTkey      = {},
  type        = {Dissertação de mestrado,  p.1-114},
  OPTaddress  = {},
  month       = {},
  OPTnote     = {},
  OPTannote   = {}
}

@book{moreira2011,
  author    = {MOREIRA, Marco Antonio},
  title     = {Teorias de Aprendizagem},
  year      = {2011},
  subtitle  = {p.241},
  address   = {Porto Alegre},
  publisher = {Editora Pedag\'{o}gica e Universit\'{a}ria}
}

\end{thebibliography}
